<?xml version="1.0" encoding="UTF-8"?>
<collection xmlns:xsi="http://www.w3.org/2001/XMLSchema-instance" xsi:schemaLocation="http://www.loc.gov/MARC21/slim http://www.loc.gov/standards/marcxml/schema/MARC21slim.xsd" xmlns="http://www.loc.gov/MARC21/slim">
<record>
  <leader>01082cam a2200277Ma 4500</leader>
  <controlfield tag="001">647890</controlfield>
  <controlfield tag="003">NNC</controlfield>
  <controlfield tag="005">20160623144236.0</controlfield>
  <controlfield tag="008">880510m18829999ua       b    000 0 araod</controlfield>
  <datafield tag="035" ind1=" " ind2=" ">
    <subfield code="a">(OCoLC)ocn252302065</subfield>
  </datafield>
  <datafield tag="035" ind1=" " ind2=" ">
    <subfield code="a">(OCoLC)252302065</subfield>
  </datafield>
  <datafield tag="035" ind1=" " ind2=" ">
    <subfield code="a">(NNC)647890</subfield>
  </datafield>
  <datafield tag="040" ind1=" " ind2=" ">
    <subfield code="a">LGG</subfield>
    <subfield code="b">eng</subfield>
    <subfield code="c">LGG</subfield>
    <subfield code="d">OCLCQ</subfield>
    <subfield code="d">OCLCO</subfield>
    <subfield code="d">OCLCA</subfield>
    <subfield code="d">OCLCF</subfield>
  </datafield>
  <datafield tag="050" ind1=" " ind2="4">
    <subfield code="a">BP130.4</subfield>
    <subfield code="b">.M79 1882</subfield>
  </datafield>
  <datafield tag="100" ind1="0" ind2=" ">
    <subfield code="a">Muḥammad Ṣiddīq Ḥasan,</subfield>
    <subfield code="c">Nawab of Bhopal,</subfield>
    <subfield code="d">1832-1890.</subfield>
  </datafield>
  <datafield tag="245" ind1="1" ind2="0">
    <subfield code="a">Fatḥ al-bayān fī maqāṣid al-Qurʼān :</subfield>
    <subfield code="b">wa-bi-hāmishihi Tafsīr li-Ibn Kathīr.</subfield>
  </datafield>
  <datafield tag="260" ind1=" " ind2=" ">
    <subfield code="a">Būlāq, Miṣr :</subfield>
    <subfield code="b">al-Maṭbaʻah al-Kubrá al-Mīrīyah,</subfield>
    <subfield code="c">1300-&lt;1301&gt; [1882-&lt;1883&gt;]</subfield>
  </datafield>
  <datafield tag="300" ind1=" " ind2=" ">
    <subfield code="a">v. ;</subfield>
    <subfield code="c">28 cm</subfield>
  </datafield>
  <datafield tag="336" ind1=" " ind2=" ">
    <subfield code="a">text</subfield>
    <subfield code="b">txt</subfield>
    <subfield code="2">rdacontent</subfield>
  </datafield>
  <datafield tag="337" ind1=" " ind2=" ">
    <subfield code="a">unmediated</subfield>
    <subfield code="b">n</subfield>
    <subfield code="2">rdamedia</subfield>
  </datafield>
  <datafield tag="338" ind1=" " ind2=" ">
    <subfield code="a">volume</subfield>
    <subfield code="b">nc</subfield>
    <subfield code="2">rdacarrier</subfield>
  </datafield>
  <datafield tag="630" ind1="0" ind2="0">
    <subfield code="a">Qurʼan</subfield>
    <subfield code="v">Commentaries.</subfield>
  </datafield>
  <datafield tag="630" ind1="0" ind2="7">
    <subfield code="a">Qurʼan.</subfield>
    <subfield code="2">fast</subfield>
    <subfield code="0">(OCoLC)fst01842877</subfield>
  </datafield>
  <datafield tag="655" ind1=" " ind2="7">
    <subfield code="a">Commentaries.</subfield>
    <subfield code="2">fast</subfield>
    <subfield code="0">(OCoLC)fst01423723</subfield>
  </datafield>
  <datafield tag="700" ind1="1" ind2="2">
    <subfield code="a">Ibn Kathīr, Ismāʻīl ibn ʻUmar,</subfield>
    <subfield code="d">approximately 1301-1373.</subfield>
    <subfield code="t">Tafsīr al-Qurʼān al-ʻaẓīm.</subfield>
  </datafield>
  <datafield tag="955" ind1=" " ind2=" ">
    <subfield code="b">0037852809</subfield>
    <subfield code="d">glx</subfield>
    <subfield code="e">BP130.4 .M79 1882g</subfield>
    <subfield code="v">v.5</subfield>
  </datafield>
</record>
</collection>